@ARTICLE{Culhane:2007,
  author = {{Culhane}, J.~L. and {Harra}, L.~K. and {James}, A.~M. and {Al-Janabi}, K. and {Bradley}, L.~J. and {Chaudry}, R.~A. and {Rees}, K. and {Tandy}, J.~A. and {Thomas}, P. and {Whillock}, M.~C.~R. and {Winter}, B. and {Doschek}, G.~A. and {Korendyke}, C.~M. and {Brown}, C.~M. and {Myers}, S. and {Mariska}, J. and {Seely}, J. and {Lang}, J. and {Kent}, B.~J. and {Shaughnessy}, B.~M. and {Young}, P.~R. and {Simnett}, G.~M. and {Castelli}, C.~M. and {Mahmoud}, S. and {Mapson-Menard}, H. and {Probyn}, B.~J. and {Thomas}, R.~J. and {Davila}, J. and {Dere}, K. and {Windt}, D. and {Shea}, J. and {Hagood}, R. and {Moye}, R. and {Hara}, H. and {Watanabe}, T. and {Matsuzaki}, K. and {Kosugi}, T. and {Hansteen}, V. and {Wikstol}, {\O}.},
  title = "{The EUV Imaging Spectrometer for Hinode}",
  journal = {\solphys},
  year = 2007,
  month = jun,
  volume = {243},
  number = {1},
  pages = {19-61},
  doi = {10.1007/s01007-007-0293-1},
  adsurl = {https://ui.adsabs.harvard.edu/abs/2007SoPh..243...19C},
  adsnote = {Provided by the SAO/NASA Astrophysics Data System}
}

@ARTICLE{sunpy,
  doi = {10.3847/1538-4357/ab4f7a},
  url = {https://iopscience.iop.org/article/10.3847/1538-4357/ab4f7a},
  author = {{The SunPy Community} and Barnes, Will T. and Bobra, Monica G. and Christe, Steven D. and Freij, Nabil and Hayes, Laura A. and Ireland, Jack and Mumford, Stuart and Perez-Suarez, David and Ryan, Daniel F. and Shih, Albert Y. and Chanda, Prateek and Glogowski, Kolja and Hewett, Russell and Hughitt, V. Keith and Hill, Andrew and Hiware, Kaustubh and Inglis, Andrew and Kirk, Michael S. F. and Konge, Sudarshan and Mason, James Paul and Maloney, Shane Anthony and Murray, Sophie A. and Panda, Asish and Park, Jongyeob and Pereira, Tiago M. D. and Reardon, Kevin and Savage, Sabrina and Sip?cz, Brigitta M. and Stansby, David and Jain, Yash and Taylor, Garrison and Yadav, Tannmay and Rajul and Dang, Trung Kien},
  title = {The SunPy Project: Open Source Development and Status of the Version 1.0 Core Package},
  journal = {The Astrophysical Journal},
  volume = {890},
  issue = {1},
  pages = {68-},
  publisher = {American Astronomical Society},
  year = {2020}
}

@software{ndcube,
  author = {Daniel Ryan and Stuart Mumford and Yash Sharma and ankit and Adwait Bhope and
            Nabil Freij and Ricky O'Steen and Baptiste Pellorce and Laura Hayes and
            Mateo Inchaurrandieta and Derek Homeier and David Stansby and
            Aoife Maria Ryan and Drew Leonard and Roy Smart and Dr Matthieu Wes and
            Kritika Ranjan and P. L. Lim and shelbej},
  title = {sunpy/ndcube: v2.0.1},
  month = nov,
  year = 2021,
  publisher = {Zenodo},
  version = {v2.0.1},
  doi = {10.5281/zenodo.5715161},
  url = {https://doi.org/10.5281/zenodo.5715161}
}

@ARTICLE{ssw,
  author = {{Freeland}, S.~L. and {Handy}, B.~N.},
  title = "{Data Analysis with the SolarSoft System}",
  journal = {\solphys},
  year = 1998,
  month = oct,
  volume = {182},
  number = {2},
  pages = {497-500},
  doi = {10.1023/A:1005038224881},
  adsurl = {https://ui.adsabs.harvard.edu/abs/1998SoPh..182..497F},
  adsnote = {Provided by the SAO/NASA Astrophysics Data System}
}

@software{idl,
  author = {{L3Harris Geospatial}},
  title = {Interactive Data Language (IDL)},
  url = {https://www.l3harrisgeospatial.com/Software-Technology/IDL},
  version = {8.7.2},
  date = {2019}
}

@software{pyqt,
  author = {{Riverbank Computing Limited}},
  title = {PyQt}, 
  url = {https://www.riverbankcomputing.com/software/pyqt/intro},
  version = {5.9.2},
  date = {2017-11-24}
}

@INPROCEEDINGS{Markwardt:2009,
  author = {{Markwardt}, C.~B.},
  title = "{Non-linear Least-squares Fitting in IDL with MPFIT}",
  keywords = {Astrophysics - Instrumentation and Methods for Astrophysics},
  booktitle = {Astronomical Data Analysis Software and Systems XVIII},
  year = 2009,
  editor = {{Bohlender}, D.~A. and {Durand}, D. and {Dowler}, P.},
  series = {Astronomical Society of the Pacific Conference Series},
  volume = {411},
  month = sep,
  pages = {251},
  archivePrefix = {arXiv},
  eprint = {0902.2850},
  primaryClass = {astro-ph.IM},
  adsurl = {https://ui.adsabs.harvard.edu/abs/2009ASPC..411..251M},
  adsnote = {Provided by the SAO/NASA Astrophysics Data System}
}

@misc{mpfitpy,
  author = {Sergey Koposov},
  title = {astrolibpy},
  year = {2016},
  publisher = {GitHub},
  journal = {GitHub repository},
  url = {https://github.com/segasai/astrolibpy/}
}
